@book{test,
  author = {Já},
  editor = {Já},
  publisher = {Já},
  title = {Ty},
  year = {2024}
}